<?xml version="1.0" encoding="UTF-8"?>
<record xmlns="http://www.loc.gov/MARC21/slim">
   <leader>01031cam a22002415  4500</leader>
   <controlfield tag="001">2788250</controlfield>
   <controlfield tag="003">NjP</controlfield>
   <controlfield tag="005">20171013181118.0</controlfield>
   <controlfield tag="008">991122s1971    ir            000 0 ara d</controlfield>
   <datafield tag="024" ind1="7" ind2=" ">
      <subfield code="a">princeton_aco004258</subfield>
      <subfield code="2">local</subfield>
   </datafield>
   <datafield ind1=" " ind2=" " tag="035">
      <subfield code="a">(OCoLC)ocm42867002</subfield>
   </datafield>
   <datafield ind1=" " ind2=" " tag="035">
      <subfield code="9">CNJ7287TS</subfield>
   </datafield>
   <datafield ind1=" " ind2=" " tag="040">
      <subfield code="a">PUL</subfield>
      <subfield code="c">PUL</subfield>
   </datafield>
   <datafield ind1="0" ind2=" " tag="041">
      <subfield code="a">araper</subfield>
      <subfield code="h">und</subfield>
   </datafield>
   <datafield ind1="0" ind2=" " tag="100">
      <subfield code="a">Zayn al-ʻĀbidīn ʻAlī ibn al-Ḥusayn,</subfield>
      <subfield code="d">-710?</subfield>
      <subfield code="0">http://id.loc.gov/authorities/names/n84007864</subfield>
   </datafield>
   <datafield ind1="1" ind2="0" tag="245">
      <subfield code="a">Duʻā-yi ḥaz̧rat-i imām-i ʻAlī bin al-Ḥusayn Zayn al-ʻĀbidīn keh Abū Ḥamzeh-yi Samālī ...</subfield>
      <subfield code="b">rivāyat kardeh ast.</subfield>
      <subfield code="c">Muqaddimeh va tarjameh ba-qalam-i Alī Akbar Mūsavī Muḥibb al-Islām.</subfield>
   </datafield>
   <datafield ind1="3" ind2=" " tag="246">
      <subfield code="a">Duʻā-yi ʻAlī ibn al-Ḥusayn Zayn al-ʻĀbidīn</subfield>
   </datafield>
   <datafield ind1=" " ind2=" " tag="250">
      <subfield code="a">Ṭabʻ-i 4.</subfield>
   </datafield>
   <datafield ind1=" " ind2=" " tag="260">
      <subfield code="a">[Tehran,</subfield>
      <subfield code="c">1391 [1971]]</subfield>
   </datafield>
   <datafield ind1=" " ind2=" " tag="300">
      <subfield code="a">181 p.</subfield>
      <subfield code="c">22 cm.</subfield>
   </datafield>
   <datafield ind1="0" ind2=" " tag="490">
      <subfield code="a">Rāz-i dilbakhtgān,</subfield>
      <subfield code="v">2</subfield>
   </datafield>
   <datafield ind1=" " ind2=" " tag="546">
      <subfield code="a">Arabic text with Muḥibb al-Islām's Persian trans.</subfield>
   </datafield>
   <datafield ind1="2" ind2=" " tag="700">
      <subfield code="a">Muḥibb al-Islām, ʻAlī Akbar ibn ʻAlī Riz̧ā Mūsavī,</subfield>
      <subfield code="e">tr.</subfield>
   </datafield>
   <datafield ind1=" " ind2=" " tag="945">
      <subfield code="a">F</subfield>
      <subfield code="b">1</subfield>
      <subfield code="c">2264.106745.331 1971</subfield>
   </datafield>
   <datafield ind1=" " ind2=" " tag="911">
      <subfield code="a">20000130</subfield>
   </datafield>
   <datafield ind1="8" ind2=" " tag="852">
      <subfield code="0">3099214</subfield>
      <subfield code="b">rcppa</subfield>
      <subfield code="t">1</subfield>
      <subfield code="h">2264.106745.331 1971</subfield>
      <subfield code="x">tr fr f</subfield>
   </datafield>
   <datafield ind1=" " ind2=" " tag="959">
      <subfield code="a">2009-06-29 13:00:36 -0500</subfield>
   </datafield>
</record>
